<?xml version="1.0" encoding="UTF-8"?><record xmlns="http://www.loc.gov/MARC21/slim" xmlns:cinclude="http://apache.org/cocoon/include/1.0" xmlns:zs="http://www.loc.gov/zing/srw/">
  <leader>00374nz  a2200133n  4500</leader>
  <controlfield tag="001">no 00077855 </controlfield>
  <controlfield tag="003">DLC</controlfield>
  <controlfield tag="005">20000926064532.0</controlfield>
  <controlfield tag="008">000925n| acannaabn          |n aaa     c</controlfield>
  <datafield tag="010" ind1=" " ind2=" ">
    <subfield code="a">no 00077855 </subfield>
  </datafield>
  <datafield tag="035" ind1=" " ind2=" ">
    <subfield code="a">(OCoLC)oca05319676</subfield>
  </datafield>
  <datafield tag="040" ind1=" " ind2=" ">
    <subfield code="a">MiEM</subfield>
    <subfield code="b">eng</subfield>
    <subfield code="c">MiEM</subfield>
  </datafield>
  <datafield tag="100" ind1="1" ind2=" ">
    <subfield code="a">Ferris, Judy</subfield>
  </datafield>
  <datafield tag="670" ind1=" " ind2=" ">
    <subfield code="a">Empowerment training, 1999:</subfield>
    <subfield code="b">t.p. (Judy Ferris) microfiche header (Ferris, Judy K.)</subfield>
  </datafield>
</record>